

@Book{Hartley2004, 
    author = "Hartley, R.~I. and Zisserman, A.",
    title = "Multiple View Geometry in Computer Vision",
    edition = "Second",
    year = "2004",
    publisher = "Cambridge University Press, ISBN: 0521540518"
}

@misc{wiki:RANSAC,
   author = "Wikipedia",
   title = "RANSAC",
   year = "2013",
   url = "\url{http://en.wikipedia.org/wiki/RANSAC}",
   note = "[Online; accessed 26-November-2013]"
 }

@misc{ wiki:SIFT,
   author = "Wikipedia",
   title = "Scale-invariant feature transform --- {W}ikipedia{,} The Free Encyclopedia",
   year = "2013",
   url = "\url{http://en.wikipedia.org/wiki/Scale-invariant_feature_transform}",
   note = "[Online; accessed 25-November-2013]"
 }

@misc{ wiki:SURF,
   author = "Wikipedia",
   title = "Scale-invariant feature transform --- {W}ikipedia{,} The Free Encyclopedia",
   year = "2013",
   url = "\url{http://en.wikipedia.org/wiki/SURF}",
   note = "[Online; accessed 25-November-2013]"
 }

 @misc{ wiki:Eight-point_algorithm,
   author = "Wikipedia",
   title = "Eight-point algorithm",
   year = "2013",
   url = "\url{http://en.wikipedia.org/wiki/SURF}",
   note = "[Online; accessed 25-November-2013]"
 }
 
@article{nister2004efficient,
  title={An efficient solution to the five-point relative pose problem},
  author={Nist{\'e}r, David},
  journal={Pattern Analysis and Machine Intelligence, IEEE Transactions on},
  volume={26},
  number={6},
  pages={756--770},
  year={2004},
  publisher={IEEE}
}
 
@inproceedings{leutenegger2011brisk,
  title={BRISK: Binary robust invariant scalable keypoints},
  author={Leutenegger, Stefan and Chli, Margarita and Siegwart, Roland Y},
  booktitle={Computer Vision (ICCV), 2011 IEEE International Conference on},
  pages={2548--2555},
  year={2011},
  organization={IEEE}
}

@inproceedings{alahi2012freak,
  title={Freak: Fast retina keypoint},
  author={Alahi, Alexandre and Ortiz, Raphael and Vandergheynst, Pierre},
  booktitle={Computer Vision and Pattern Recognition (CVPR), 2012 IEEE Conference on},
  pages={510--517},
  year={2012},
  organization={IEEE}
}

@inproceedings{barazzetti2010extraction,
  title={Extraction of accurate tie points for automated pose estimation of close-range blocks},
  author={Barazzetti, L and Remondino, F and Scaioni, M},
  booktitle={ISPRS Technical Commission III Symposium on Photogrammetric Computer Vision and Image Analysis},
  year={2010}
}

@article{stewenius2006recent,
  title={Recent developments on direct relative orientation},
  author={Stewenius, Henrik and Engels, Christopher and Nist{\'e}r, David},
  journal={ISPRS Journal of Photogrammetry and Remote Sensing},
  volume={60},
  number={4},
  pages={284--294},
  year={2006},
  publisher={Elsevier}
}

@inproceedings{bruckner2008experimental,
  title={Experimental Evaluation of Relative Pose Estimation Algorithms.},
  author={Br{\"u}ckner, Marcel and Bajramovic, Ferid and Denzler, Joachim},
  booktitle={VISAPP (2)},
  pages={431--438},
  year={2008}
}

@techreport{pietzsch2001robot,
  title={Robot, Position Estimation Of A Mobile and Camera, Using A Single Vehicle-Mounted},
  author={Pietzsch, Tobias},
  year={2002},
  institution={Dept. of Computer Science, TU Dresden, Germany}
}

@mastersthesis{pietzsch2004application,
  title={Application of a monocular camera as a motion sensor for mobile robots},
  author={Pietzsch, Tobias},
  year={2004},
  school={Dept. of Computer Science, TU Dresden, Germany}
}

@article{rocchini2012robust,
  title={Robust rectification of aerial photographs in an open source environment},
  author={Rocchini, Duccio and Metz, Markus and Frigeri, Alessandro and Delucchi, Luca and Marcantonio, Matteo and Neteler, Markus},
  journal={Computers \& geosciences},
  volume={39},
  pages={145--151},
  year={2012},
  publisher={Elsevier}
}

@online{i.ortho.photo,
  author = {{Mike Baba, GRASS Development Team}},
  title = {i.ortho.photo module},
  year = 2013,
  url = {http://grass.osgeo.org/grass64/manuals/i.ortho.photo.html},
  urldate = {2013-12-03}
}

@book{neteler2008open,
  title={Open Source GIS: A GRASS GIS Approach},
  author={Neteler, Markus and Mitasova, Helena},
  year={2008},
  publisher={Springer, New York}
}

@article{zhang2000flexible,
  title={A flexible new technique for camera calibration},
  author={Zhang, Zhengyou},
  journal={Pattern Analysis and Machine Intelligence, IEEE Transactions on},
  volume={22},
  number={11},
  pages={1330--1334},
  year={2000},
  publisher={IEEE}
}

@online{camera_calibration2013opencv,
  title = {Camera calibration with OpenCV},
  year = 2013,
  url = {http://docs.opencv.org/master/doc/tutorials/calib3d/camera_calibration/camera_calibration.html},
  urldate = {2013-12-06}
}

@online{calib_manual2013opencv,
  title = {Camera Calibration and 3D Reconstruction},
  year = 2013,
  url = {http://docs.opencv.org/master/modules/calib3d/doc/camera_calibration_and_3d_reconstruction.html},
  urldate = {2013-12-06}
}

@online{v.rectify,
  author = {{Markus Metz, GRASS Development Team}},
  title = {v.rectify},
  year = 2013,
  url = {http://grass.osgeo.org/grass70/manuals/v.rectify.html},
  urldate = {2013-12-08}
}

@article{brown1966distortion,
  title={Decentering Distortion of Lenses},
  author={Duane, Brown},
  journal={Photogrammetric Engineering},
  volume={32},
  number={3},
  pages={444--462},
  year={1966},
}

@online{bingo2013gip,
  title = {Bingo-F},
  author={GIP mbH of Aalen, Germany},
  url = {http://www.gcs-abc.com/bingof.htm},
  urldate = {2013-12-16}
}

@inproceedings{labe2004geometric,
  title={Geometric stability of low-cost digital consumer cameras},
  author={L{\"a}be, Thomas and F{\"o}rstner, Wolfgang}
}

@online{mellish2005pinhole,
 author  = "Mellis, Bob",
 title   = "How a pinhole camera works.",
 year    = "2005",
 urldate = {2013-12-16},
 url     = {http://commons.wikimedia.org/wiki/File:Pinhole-camera.png}
}

@online{boe2013octocopter,
 author  = "Boe, Ra",
 title   = "Landtagsprojekt Mecklenburg-Vorpommern 2013.",
 year    = "2013",
 urldate = {2013-12-17},
 url     = {http://commons.wikimedia.org/wiki/File:Landtagsprojekt_Mecklenburg-Vorpommern_2013_by-RaBoe_010.jpg}
}


@online{kbosak2010bezmiechowa,
 author  = "Kbosak",
 title   = "Bezmiechowa airfield 3D Digital Surface Model obtained after 1 day of pre-flight testing, 1hr of flight and 1 day of processing, using Pteryx UAV.",
 year    = "2010",
 urldate = {2013-12-14},
 url     = {http://commons.wikimedia.org/wiki/File:Bezmiechowa_DSM_3D_2010-05-29_Pteryx_UAV.jpg}
}

@inproceedings{baumker2001new,
  title={New calibration and computing method for direct georeferencing of image and scanner data using the position and angular data of an hybrid inertial navigation system},
  author={B{\"a}umker, M and Heimes, FJ},
  booktitle={OEEPE Workshop, Integrated Sensor Orientation},
  year={2001}
}

@article{sjoberg2013closed,
  title={Closed-form and iterative weighted least squares solutions of Helmert transformation parameters},
  author={Sj{\"o}berg, LE},
  journal={Journal of Geodetic Science},
  volume={3},
  number={1},
  pages={7--11},
  year={2013}
}

@article{deakin19983,
  title={3-D Coordinate Transformations},
  author={Deakin, Rodney E},
  journal={Surveying and Land Information Systems},
  volume={58},
  number={4},
  pages={223--234},
  year={1998},
  publisher={Bethesda, MD: The Congress, 1990-2001.}
}

