

@Book{Hartley2004, 
    author = "Hartley, R.~I. and Zisserman, A.",
    title = "Multiple View Geometry in Computer Vision",
    edition = "Second",
    year = "2004",
    publisher = "Cambridge University Press, ISBN: 0521540518"
}

@misc{wiki:RANSAC,
   author = "Wikipedia",
   title = "RANSAC",
   year = "2013",
   howpublished = "\url{http://en.wikipedia.org/wiki/RANSAC}",
   note = "[Online; accessed 26-November-2013]"
 }

@misc{ wiki:SIFT,
   author = "Wikipedia",
   title = "Scale-invariant feature transform --- {W}ikipedia{,} The Free Encyclopedia",
   year = "2013",
   howpublished = "\url{http://en.wikipedia.org/wiki/Scale-invariant_feature_transform}",
   note = "[Online; accessed 25-November-2013]"
 }

@misc{ wiki:SURF,
   author = "Wikipedia",
   title = "SURF --- {W}ikipedia{,} The Free Encyclopedia",
   year = "2013",
   howpublished = "\url{http://en.wikipedia.org/wiki/SURF}",
   note = "[Online; accessed 25-November-2013]"
 }

 @misc{ wiki:Eight-point_algorithm,
   author = "Wikipedia",
   title = "Eight-point algorithm",
   year = "2013",
   howpublished = "\url{http://en.wikipedia.org/wiki/SURF}",
   note = "[Online; accessed 25-November-2013]"
 }
 
@article{nister2004efficient,
  title={An efficient solution to the five-point relative pose problem},
  author={Nist{\'e}r, David},
  journal={Pattern Analysis and Machine Intelligence, IEEE Transactions on},
  volume={26},
  number={6},
  pages={756--770},
  year={2004},
  publisher={IEEE}
}
 
@inproceedings{leutenegger2011brisk,
  title={BRISK: Binary robust invariant scalable keypoints},
  author={Leutenegger, Stefan and Chli, Margarita and Siegwart, Roland Y},
  booktitle={Computer Vision (ICCV), 2011 IEEE International Conference on},
  pages={2548--2555},
  year={2011},
  organization={IEEE}
}

@inproceedings{alahi2012freak,
  title={Freak: Fast retina keypoint},
  author={Alahi, Alexandre and Ortiz, Raphael and Vandergheynst, Pierre},
  booktitle={Computer Vision and Pattern Recognition (CVPR), 2012 IEEE Conference on},
  pages={510--517},
  year={2012},
  organization={IEEE}
}

@inproceedings{barazzetti2010extraction,
  title={Extraction of accurate tie points for automated pose estimation of close-range blocks},
  author={Barazzetti, L and Remondino, F and Scaioni, M},
  booktitle={ISPRS Technical Commission III Symposium on Photogrammetric Computer Vision and Image Analysis},
  year={2010}
}

@article{stewenius2006recent,
  title={Recent developments on direct relative orientation},
  author={Stewenius, Henrik and Engels, Christopher and Nist{\'e}r, David},
  journal={ISPRS Journal of Photogrammetry and Remote Sensing},
  volume={60},
  number={4},
  pages={284--294},
  year={2006},
  publisher={Elsevier}
}

@inproceedings{bruckner2008experimental,
  title={Experimental Evaluation of Relative Pose Estimation Algorithms.},
  author={Br{\"u}ckner, Marcel and Bajramovic, Ferid and Denzler, Joachim},
  booktitle={VISAPP (2)},
  pages={431--438},
  year={2008}
}

@techreport{pietzsch2001robot,
  title={Robot, Position Estimation Of A Mobile and Camera, Using A Single Vehicle-Mounted},
  author={Pietzsch, Tobias},
  year={2002},
  institution={Dept. of Computer Science, TU Dresden, Germany}
}

@mastersthesis{pietzsch2004application,
  title={Application of a monocular camera as a motion sensor for mobile robots},
  author={Pietzsch, Tobias},
  year={2004},
  school={Dept. of Computer Science, TU Dresden, Germany}
}

@article{rocchini2012robust,
  title={Robust rectification of aerial photographs in an open source environment},
  author={Rocchini, Duccio and Metz, Markus and Frigeri, Alessandro and Delucchi, Luca and Marcantonio, Matteo and Neteler, Markus},
  journal={Computers \& geosciences},
  volume={39},
  pages={145--151},
  year={2012},
  publisher={Elsevier}
}

@online{i.ortho.photo,
  author = {{Mike Baba, GRASS Development Team}},
  title = {i.ortho.photo module},
  year = 2013,
  howpublished = {\url{http://grass.osgeo.org/grass64/manuals/i.ortho.photo.html}},
  note = "[Online; accessed 03-December-2013]"  
}

@book{neteler2008open,
  title={Open Source GIS: A GRASS GIS Approach},
  author={Neteler, Markus and Mitasova, Helena},
  year={2008},
  publisher={Springer, New York}
}

@article{zhang2000flexible,
  title={A flexible new technique for camera calibration},
  author={Zhang, Zhengyou},
  journal={Pattern Analysis and Machine Intelligence, IEEE Transactions on},
  volume={22},
  number={11},
  pages={1330--1334},
  year={2000},
  publisher={IEEE}
}

@online{camera_calibration2013opencv,
  author = {OpenCV.org},
  title = {Camera calibration with OpenCV. {OpenCV 3.0.0-dev documentation}},
  year = 2013,
  howpublished = {\url{http://docs.opencv.org/master/doc/tutorials/calib3d/camera_calibration/camera_calibration.html}},
  note = "[Online; accessed 25-November-2013]"  
}

@online{calib_manual2013opencv,
  author = {OpenCV.org},
  title = {Camera Calibration and 3D Reconstruction. {OpenCV 3.0.0-dev documentation}},
  year = 2013,
  howpublished = {\url{http://docs.opencv.org/master/modules/calib3d/doc/camera_calibration_and_3d_reconstruction.html}},
  note = "[Online; accessed 25-November-2013]"  
}

@online{v.rectify,
  author = {{Markus Metz, GRASS Development Team}},
  title = {v.rectify},
  year = 2013,
  howpublished = {\url{http://grass.osgeo.org/grass70/manuals/v.rectify.html}},
  note = "[Online; accessed 08-December-2013]"  
}

@article{brown1966distortion,
  title={Decentering Distortion of Lenses},
  author={Duane, Brown},
  journal={Photogrammetric Engineering},
  volume={32},
  number={3},
  pages={444--462},
  year={1966},
}

@online{bingo2013gip,
  title = {Bingo-F},
  author={GIP mbH of Aalen, Germany},
  url = {http://www.gcs-abc.com/bingof.htm},
  urldate = {2013-12-16}
}

@inproceedings{labe2004geometric,
  title={Geometric stability of low-cost digital consumer cameras},
  author={L{\"a}be, Thomas and F{\"o}rstner, Wolfgang}
}

@online{mellish2005pinhole,
 author  = "Wikimedia Commons",
 title   = "How a pinhole camera works.",
 year    = "2005",
 urldate = {2013-12-16},
 howpublished = {\url{http://commons.wikimedia.org/wiki/File:Pinhole-camera.png}},
 note = "[Online; accessed 16-December-2013]"  
}

@online{boe2013octocopter,
 author  = "{Wikimedia Commons}",
 title   = "Landtagsprojekt Mecklenburg-Vorpommern 2013.",
 year    = "2013",
 note = "[Online; accessed 17-December-2013]",
 howpublished = {\url{http://commons.wikimedia.org/wiki/File:Landtagsprojekt_Mecklenburg-Vorpommern_2013_by-RaBoe_010.jpg}}
}


@online{kbosak2010bezmiechowa,
 author  = {{Wikimedia Commons}},
 title   = "Bezmiechowa airfield 3D Digital Surface Model obtained after 1 day of pre-flight testing, 1hr of flight and 1 day of processing, using Pteryx UAV.",
 year    = "2010",
 note = "[Online; accessed 14-December-2013]",
 howpublished = {\url{http://commons.wikimedia.org/wiki/File:Bezmiechowa_DSM_3D_2010-05-29_Pteryx_UAV.jpg}}
}

@online{inductiveload2008selection,
 author  = {{Wikimedia Commons}},
 title   = "A selection of Normal Distribution Probability Density Functions (PDFs).",
 year    = "2008",
 note = "[Online; accessed 10-December-2013]",
 howpublished = {\url{http://commons.wikimedia.org/wiki/File:Normal_Distribution_PDF.svg}}
}

@inproceedings{baumker2001new,
  title={New calibration and computing method for direct georeferencing of image and scanner data using the position and angular data of an hybrid inertial navigation system},
  author={B{\"a}umker, M and Heimes, FJ},
  booktitle={OEEPE Workshop, Integrated Sensor Orientation},
  year={2001}
}

@article{sjoberg2013closed,
  title={{Closed-form and iterative weighted least squares solutions of Helmert transformation parameters}},
  author={Sj{\"o}berg, LE},
  journal={Journal of Geodetic Science},
  volume={3},
  number={1},
  pages={7--11},
  year={2013}
}

@article{deakin19983,
  title={{3-D Coordinate Transformations}},
  author={Deakin, Rodney E},
  journal={Surveying and Land Information Systems},
  volume={58},
  number={4},
  pages={223--234},
  year={1998},
  publisher={Bethesda, MD: The Congress, 1990-2001.}
}


@inproceedings{schmidt2001using,
  title={{Using Quaternions for Parametrizing 3-D Rotations in Unconstrained Nonlinear Optimization.}},
  author={Schmidt, Jochen and Niemann, Heinrich}
}

@mastersthesis{perry2009synthesized,
  title={A synthesized directly georeferenced remote sensing technique for small unmanned aerial vehicles},
  author={Perry, John Hendrix},
  year={2009},
  school={University of Florida} 
}

@Book{pavelka2004foto20, 
    author = "Pavelka, Karel",
    title = " Fotogrammetrie 20",
    year = "2003",
    publisher = "Nakladatelství ČVUT"
}

@Book{pavelka2004foto10, 
    author = "Pavelka, Karel",
    title = " Fotogrammetrie 10",
    year = "2003",
    publisher = "Nakladatelství ČVUT"
}

@article{labe2006automatic,
  title={Automatic relative orientation of images},
  author={L{\"a}be, Thomas and F{\"o}rstner, Wolfgang},
  journal={Proceedings of the 5th Turkish-German Joint Geodetic Days},
  volume={29},
  pages={31},
  year={2006}
}

@inbook{zhang2004calibration,
author={Zhang Zhengyou},
title={{Emerging Topics in Computer Vision}}, 
chapter={2},
publisher={Prentice Hall PTR Upper Saddle River},
pages={4-43},
year={2004}
}

@book{strang1997linear,
  title={{Linear Algebra, Geodesy, and GPS}},
  author={Strang, Gilbert and Borre, Kai},
  isbn={9780961408862},
  lccn={96044288},
  year={1997},
  publisher={Wellesley-Cambridge Press}
}

@techreport{deakin2006rank,
  title={{Rank of a Matrix}},
  author={Deakin, Rodney},
  year={2006},
  institution={Royal Melbourne Institute of Technology}
}

@book{mikhail1976observations,
  title={Observations and least squares},
  author={Mikhail, E.M. and Ackermann, F.E.},
  isbn={9780700224814},
  lccn={76010277},
  series={IEP series in civil engineering},
  year={1976},
  publisher={IEP}
}

@book{mervart2007adjustment,
    author={Mervart, Leoš and Lukeš, Zdeněk},
    title={Adjustment Calculus},
    publisher={Nakladatelství ČVUT},
    year={2007}
}

@techreport{mathematicalfrederico,
  title={{The Mathematical Derivation of Least Squares}},
  author={Prof. Federico},
  howpublished = {\url{http://isites.harvard.edu/fs/docs/icb.topic515975.files/OLSDerivation.pdf}},
  note = "[Online; accessed 04-November-2013]"  
}

@online{cadaprednaskove,
  author = {Čada, Václav},
  title = {{Přednáškové texty z Geodézie, 7.5 Souřadnicové výpočty v rovině}},
  howpublished = {\url{http://gis.zcu.cz/studium/gen1/html/ch07s05.html}},
  note = "[Online; accessed 01-November-2013]"  
}

@article{neteler2012grass,
title={{GRASS GIS: a multi-purpose Open Source GIS}},
author={Neteler, Markus and Bowman, M Hamish and Landa, Martin and
Metz, Markus},
journal={Environmental Modelling \& Software},
volume={31},
pages={124--130},
year={2012},
publisher={Elsevier}
}


@article{rocchini2012let,
  title={Let the four freedoms paradigm apply to ecology},
  author={Rocchini, Duccio and Neteler, Markus},
  journal={Trends in ecology \& evolution},
  volume={27},
  number={6},
  pages={310--311},
  year={2012},
  publisher={Elsevier Current Trends}
}

@article{heipke1997automation,
  title={Automation of interior, relative, and absolute orientation},
  author={Heipke, Christian},
  journal={ISPRS journal of photogrammetry and remote sensing},
  volume={52},
  number={1},
  pages={1--19},
  year={1997},
  publisher={Elsevier}
}

@article{precision1980grunn,
  title={Precision and reliability aspects in close-range photogrammetry},
  author={Grünn, Armin},
  journal={XIVth Congress for Photogrammetry},
  year={1980}
}